<record><leader>00000cas a22000007a 4500</leader><controlfield tag="001">31603020</controlfield><controlfield tag="008">941202d19801987nyuwr ne      0    0eng d</controlfield><datafield ind1=" " ind2=" " tag="010"><subfield code="a">sn 94061050 </subfield></datafield><datafield ind1=" " ind2=" " tag="040"><subfield code="a">NYS</subfield><subfield code="b">eng</subfield><subfield code="c">NYS</subfield><subfield code="d">OCLCQ</subfield></datafield><datafield ind1=" " ind2=" " tag="042"><subfield code="a">msc</subfield></datafield><datafield ind1="0" ind2=" " tag="130"><subfield code="a">Mid-island &amp; Plainview herald (Hicksville, N.Y. : 1980 : Plainview-Old Bethpage ed.)</subfield></datafield><datafield ind1="1" ind2="0" tag="245"><subfield code="a">Mid-island &amp; Plainview herald.</subfield></datafield><datafield ind1="1" ind2="7" tag="246"><subfield code="a">Mid-island Plainview herald</subfield></datafield><datafield ind1="3" ind2="0" tag="246"><subfield code="a">Mid-island and Plainview herald</subfield></datafield><datafield ind1="3" ind2="0" tag="246"><subfield code="a">Mid-island herald</subfield></datafield><datafield ind1=" " ind2=" " tag="250"><subfield code="a">Plainview-Old Bethpage ed.</subfield></datafield><datafield ind1=" " ind2=" " tag="260"><subfield code="a">Hicksville, N.Y. :</subfield><subfield code="b">Peter Hoegl</subfield></datafield><datafield ind1=" " ind2=" " tag="300"><subfield code="a">v.</subfield></datafield><datafield ind1=" " ind2=" " tag="310"><subfield code="a">Weekly</subfield></datafield><datafield ind1="0" ind2=" " tag="362"><subfield code="a">Vol. 34, no. 12 (May 9, 1980)-v. 37, no. 34 (Jan. 16, 1987).</subfield></datafield><datafield ind1=" " ind2=" " tag="580"><subfield code="a">Hicksville eds.: Mid-island &amp; Plainview herald (Hicksville, N.Y. : 1980 : Hicksville ed.), 1980-1984; Mid-island Hicksville herald (Hicksville, N.Y. : 1984), 1984-1987.</subfield></datafield><datafield ind1=" " ind2="4" tag="651"><subfield code="a">Hicksville (N.Y.)</subfield><subfield code="v">Newspapers.</subfield></datafield><datafield ind1=" " ind2="4" tag="651"><subfield code="a">Plainview (N.Y.)</subfield><subfield code="v">Newspapers.</subfield></datafield><datafield ind1=" " ind2="4" tag="651"><subfield code="a">Old Bethpage (N.Y.)</subfield><subfield code="v">Newspapers.</subfield></datafield><datafield ind1=" " ind2="4" tag="651"><subfield code="a">Nassau County (N.Y.)</subfield><subfield code="v">Newspapers.</subfield></datafield><datafield ind1=" " ind2=" " tag="752"><subfield code="a">United States</subfield><subfield code="b">New York</subfield><subfield code="c">Nassau</subfield><subfield code="d">Hicksville.</subfield></datafield><datafield ind1=" " ind2=" " tag="752"><subfield code="a">United States</subfield><subfield code="b">New York</subfield><subfield code="c">Nassau</subfield><subfield code="d">Plainview.</subfield></datafield><datafield ind1=" " ind2=" " tag="752"><subfield code="a">United States</subfield><subfield code="b">New York</subfield><subfield code="c">Nassau</subfield><subfield code="d">Old Bethpage.</subfield></datafield><datafield ind1="1" ind2=" " tag="775"><subfield code="t">Mid-island &amp; Plainview herald (Hicksville, N.Y. : 1980 : Hicksville ed.)</subfield><subfield code="w">(DLC)sn 94061048</subfield><subfield code="w">(OCoLC)31601099</subfield></datafield><datafield ind1="1" ind2=" " tag="775"><subfield code="t">Mid-island Hicksville herald (Hicksville, N.Y. : 1984)</subfield><subfield code="x">8756-2065</subfield><subfield code="w">(DLC)sn 84002158</subfield><subfield code="w">(OCoLC)11487912</subfield></datafield><datafield ind1="0" ind2="0" tag="780"><subfield code="t">Plainview-Old Bethpage herald (Hicksville, N.Y.)</subfield><subfield code="w">(DLC)sn 94061049</subfield><subfield code="w">(OCoLC)31602775</subfield></datafield><datafield ind1="0" ind2="0" tag="785"><subfield code="t">Mid-island herald (Mineola, N.Y.)</subfield><subfield code="x">0894-0584</subfield><subfield code="w">(DLC)sn 87002673</subfield><subfield code="w">(OCoLC)15794405</subfield></datafield><datafield ind1="1" ind2=" " tag="029"><subfield code="a">AU@</subfield><subfield code="b">000011501288</subfield></datafield></record>